@misc{kramer2004asymptoticconesultrapowerslie,
      title={Asymptotic cones and ultrapowers of Lie groups}, 
      author={Linus Kramer and Katrin Tent},
      year={2004},
      eprint={math/0311101},
      archivePrefix={arXiv},
      primaryClass={math.GT},
      url={https://arxiv.org/abs/math/0311101}, 
}
@misc{kruckmannotes,
      title={Notes on Ultrafilters}, 
      author={Alex Kruckman},
      year={2012},
      series={Toolbox Seminar},
      url={https://akruckman.faculty.wesleyan.edu/files/2019/07/ultrafilters.pdf}, 
}
@book{Johnstone_1982,
    title={Stone Spaces},
    publisher={Cambridge University Press},
    author={Johnstone, Peter T.},
    year={1982},
    month=jan 
}
@book{Lightstone_Robinson_1975,
    title={Nonarchimedean fields and asymptotic expansions},
    url={https://doi.org/10.1016/s0924-6509(08)x7021-7},
    DOI={10.1016/s0924-6509(08)x7021-7},
    series={North-Holland mathematical library},
    publisher={North-Holland Publising Company},
    author={A. H. Lightstone and Abraham Robinson},
    year={1975},
    month=jan
}
@misc{Tao_2017,
    title={Ultraproducts as a bridge between discrete and continuous analysis},
    url={https://terrytao.wordpress.com/2013/12/07/ultraproducts-as-a-bridge-between-discrete-and-continuous-analysis/},
    journal={What’s New},
    author={Terence Tao},
    year={2017},
    month=sep,
    language={en} }

@book{Goldblatt_1998,
    title={Lectures on the hyperreals},
    url={https://doi.org/10.1007/978-1-4612-0615-6},
    DOI={10.1007/978-1-4612-0615-6},
    publisher={Springer},
    journal={Graduate texts in mathematics},
    author={Robert Goldblatt},
    year={1998},
    month=jan }

@inproceedings{Casselman2014TheBT,
  title={The Bruhat-Tits tree of SL(2)}, booktitle={},
  author={{Bill Casselman}},
  year={2014},
  url={https://api.semanticscholar.org/CorpusID:1614277/}
}

@book{Chiswell_2001,
    title={Introduction to \(\Lambda\)-trees},
    publisher={World Scientific},
    author={Ian Chiswell},
    year={2001},
    month=jan
}

@article{ARobinson1973,
     ISSN = {00029890, 19300972},
     url = {http://www.jstor.org/stable/3038223},
     author = {Abraham Robinson},
     journal = {The American Mathematical Monthly},
     number = {6},
     pages = {87--109},
     publisher = {Mathematical Association of America},
     title = {Function Theory on Some Nonarchimedean Fields},
     urldate = {2025-05-29},
     volume = {80},
     year = {1973}
}

@book{Tarski_2019b,
    title={Collected papers: Volume 4: 1958-1979},
    publisher={Birkhäuser},
    author={Tarski, Alfred},
    year={2019},
    month=jan }
